@book{latex,
  title = {LaTeX : A Documentation Preparation System User's Guide and Reference Manual},
  publisher = {Addison-Wesley Professional},
  year = {1994},
  author = {Leslie Lamport}
}
@article{majorityrotated,
	author = {Kumar, Dharmendra and Mitra, Debasis},
	year = {2019},
	month = {03},
	pages = {1-15},
	title = {A systematic approach towards fault-tolerant design of QCA circuits},
	volume = {98},
	journal = {Analog Integrated Circuits and Signal Processing},
	doi = {10.1007/s10470-018-1270-x}
}

@INPROCEEDINGS{QCA_scl, 
	author={Reis, Dayane Alfenas and Campos, Caio Araújo T. and Soares, Thiago Rodrigues B. S. and Neto, Omar Paranaiba V. and Torres, Frank Sill},  booktitle={2016 IEEE International Symposium on Circuits and Systems (ISCAS)},   title={A Methodology for Standard Cell Design for QCA},   year={2016},  volume={},  number={},  pages={2114-2117},  doi={10.1109/ISCAS.2016.7538997}
}

@article{Inverter_displacements,
	author = {Schulhof, Gabriel and Walus, Konrad and Jullien, Graham A.},
	title = {Simulation of Random Cell Displacements in QCA},
	year = {2007},
	issue_date = {April 2007},
	publisher = {Association for Computing Machinery},
	address = {New York, NY, USA},
	volume = {3},
	number = {1},
	issn = {1550-4832},
	url = {https://doi.org/10.1145/1229175.1229177},
	doi = {10.1145/1229175.1229177},
	abstract = {We analyze the behavior of quantum-dot cellular automata (QCA) building blocks in the presence of random cell displacements. The QCA cells are modeled using the coherence vector description and simulated using QCADesigner. We evaluate various fundamental circuits: the wire, the inverter, the majority gate, and the two-wire crossing approaches: the coplanar crossover and the multilayer crossover. Our results show that different building blocks have different displacement tolerances. The coplanar crossover and inverter perform the weakest. The wire is the most robust. We have found displacement tolerances to be a function of circuit layout and geometry rather than cell size.},
	journal = {J. Emerg. Technol. Comput. Syst.},
	month = {apr},
	pages = {2–es},
	numpages = {14},
	keywords = {Quantum-dot cellular automata, QCA, fault tolerance, fabrication variances}
}
@INPROCEEDINGS{SingelElectronFaults,
	
	author={Mahdavi, Mojdeh and Amiri, Mohammad Amin and Mirzakuchaki, Sattar and Moghaddasi, Mohammad Naser},
	
	booktitle={2009 Fifth International Conference on MEMS NANO, and Smart Systems}, 
	
	title={Single Electron Fault in QCA Inverter Gate}, 
	
	year={2009},
	
	volume={},
	
	number={},
	
	pages={63-66},
	
	doi={10.1109/ICMENS.2009.23}
}

@book{hawkins2012cmos,
	title={CMOS Digital Integrated Circuits: A First Course},
	author={Hawkins, C. and Segura, J. and Zarkesh-Ha, P.},
	isbn={9781613530023},
	lccn={2012276514},
	series={Materials, Circuits and Devices},
	url={https://books.google.de/books?id=8HmtMQEACAAJ},
	year={2012},
	publisher={Institution of Engineering and Technology}
}

@inproceedings{Walter,
	author = {Walter, Marcel and Drechsler, Rolf},
	year = {2020},
	month = {07},
	pages = {176-181},
	title = {Design Automation for Field-Coupled Nanotechnologies},
	doi = {10.1109/ISVLSI49217.2020.00040}
}
